<?xml version='1.0' encoding='UTF-8'?>
<record xmlns="http://www.loc.gov/MARC21/slim">
  <leader>02490cam a2200421 a 4500</leader>
  <controlfield tag="001">289454</controlfield>
  <controlfield tag="003">NjP</controlfield>
  <controlfield tag="005">20170605130028.0</controlfield>
  <controlfield tag="008">850315s1983    ir            000 0 ara d</controlfield>
  <datafield tag="024" ind1="7" ind2=" ">
    <subfield code="a">princeton_aco002333</subfield>
    <subfield code="2">local</subfield>
  </datafield>
  <datafield ind1=" " ind2=" " tag="035">
    <subfield code="a">(OCoLC)ocn175470350</subfield>
  </datafield>
  <datafield ind1=" " ind2=" " tag="040">
    <subfield code="a">NjP</subfield>
    <subfield code="c">PUL</subfield>
    <subfield code="d">PUL</subfield>
  </datafield>
  <datafield ind1=" " ind2=" " tag="035">
    <subfield code="a">(OCoLC)175470350</subfield>
  </datafield>
  <datafield ind1=" " ind2=" " tag="035">
    <subfield code="a">(CStRLIN)NJPG85-B5867</subfield>
  </datafield>
  <datafield ind1=" " ind2=" " tag="035">
    <subfield code="9">ABL4678TS</subfield>
  </datafield>
  <datafield ind1=" " ind2=" " tag="035">
    <subfield code="a">(NjP)289454</subfield>
  </datafield>
  <datafield ind1=" " ind2=" " tag="043">
    <subfield code="a">a-ir---</subfield>
  </datafield>
  <datafield ind1=" " ind2=" " tag="079">
    <subfield code="a">ocm27033365</subfield>
  </datafield>
  <datafield ind1=" " ind2=" " tag="049">
    <subfield code="a">PULL</subfield>
  </datafield>
  <datafield ind1="1" ind2=" " tag="100">
    <subfield code="6">880-01</subfield>
    <subfield code="a">Ṣarīfīnī, Ibrāhīm ibn Muḥammad,</subfield>
    <subfield code="d">-1243 or 1244.</subfield>
    <subfield code="0">http://id.loc.gov/authorities/names/n88607951</subfield>
  </datafield>
  <datafield ind1="1" ind2="0" tag="240">
    <subfield code="6">880-02</subfield>
    <subfield code="a">Siyāq li-taʼrīkh Naysābūr</subfield>
  </datafield>
  <datafield ind1="1" ind2="0" tag="240">
    <subfield code="6">880-03</subfield>
    <subfield code="a">Muntakhab min Kitāb al-Siyāq</subfield>
  </datafield>
  <datafield ind1="1" ind2="3" tag="245">
    <subfield code="6">880-04</subfield>
    <subfield code="a">al-Ḥalqah al-ūlá min tārīkh Nīsābūr :</subfield>
    <subfield code="b">al-muntakhab min al-Siyāq, taʼlīf Abū al-Ḥasan ʻAbd al-Ghāfir ibn Ismāʻīl al-Fārisī /</subfield>
    <subfield code="c">intikhāb, Abū Isḥāq Ibrāhīm ibn Muḥammad ibn al-Azhar al-Ṣarīfīnī ; iʻdād Muḥammad Kāẓim al-Maḥmūdī.</subfield>
  </datafield>
  <datafield ind1=" " ind2=" " tag="260">
    <subfield code="6">880-05</subfield>
    <subfield code="a">Qum al-Muqaddasah :</subfield>
    <subfield code="b">Jāmiʻat al-Mudarrisīn fī al-Ḥawzah al-ʻIlmīyah,</subfield>
    <subfield code="c">1362 [1983]</subfield>
  </datafield>
  <datafield ind1=" " ind2=" " tag="300">
    <subfield code="a">12, 863 p. ;</subfield>
    <subfield code="c">25 cm.</subfield>
  </datafield>
  <datafield ind1=" " ind2="0" tag="651">
    <subfield code="a">Nīshāpūr (Iran)</subfield>
    <subfield code="x">History.</subfield>
  </datafield>
  <datafield ind1="1" ind2=" " tag="700">
    <subfield code="6">880-06</subfield>
    <subfield code="a">Maḥmūdī, Muḥammad Kāẓim.</subfield>
  </datafield>
  <datafield ind1="1" ind2=" " tag="700">
    <subfield code="6">880-07</subfield>
    <subfield code="a">Fārisī, ʻAbd al-Ghāfir ibn Ismāʻīl,</subfield>
    <subfield code="d">1059-1134 or 1135.</subfield>
    <subfield code="t">Siyāq li-tārīkh Nīsābūr.</subfield>
    <subfield code="0">http://id.loc.gov/authorities/names/n86108462</subfield>
  </datafield>
  <datafield ind1="1" ind2=" " tag="880">
    <subfield code="6">100-01/r</subfield>
    <subfield code="a">صريفيني، ابراهيم بن محمد،</subfield>
    <subfield code="d">-1243 or 1244.</subfield>
  </datafield>
  <datafield ind1="1" ind2="0" tag="880">
    <subfield code="6">240-02/r</subfield>
    <subfield code="a">سياق لتأريخ نيسابور</subfield>
  </datafield>
  <datafield ind1="1" ind2="0" tag="880">
    <subfield code="6">240-03/r</subfield>
    <subfield code="a">منتخب من كتاب السياق</subfield>
  </datafield>
  <datafield ind1="1" ind2="2" tag="880">
    <subfield code="6">245-04/r</subfield>
    <subfield code="a">الحلقة الاولى من تاريخ نيسابور :</subfield>
    <subfield code="b">المنتخب من السياق، تأليف ابو الحسن عبد الغافر بن اسماعيل الفارسي /</subfield>
    <subfield code="c">انتخاب، ابو اسحاق ابراهيم بن محمد بن الاچر الصريفيني ؛ اعداد محمد كاظم المحمودي.</subfield>
  </datafield>
  <datafield ind1=" " ind2=" " tag="880">
    <subfield code="6">260-05/r</subfield>
    <subfield code="a">قم المقدسة :</subfield>
    <subfield code="b">جامعة المدرسين في الحوزة العلمية،</subfield>
    <subfield code="c">1362 [1983]</subfield>
  </datafield>
  <datafield ind1="1" ind2=" " tag="880">
    <subfield code="6">700-06/r</subfield>
    <subfield code="a">محمودي، محمد كاظم.</subfield>
  </datafield>
  <datafield ind1="1" ind2=" " tag="880">
    <subfield code="6">700-07/r</subfield>
    <subfield code="a">فارسي، عبد الغافر بن اسماعيل،</subfield>
    <subfield code="d">1059-1134 or 1135.</subfield>
    <subfield code="t">سياق لتاريخ نيسابور.</subfield>
  </datafield>
  <datafield ind1=" " ind2=" " tag="998">
    <subfield code="a">03/22/85</subfield>
    <subfield code="s">9114</subfield>
    <subfield code="n">NjP</subfield>
    <subfield code="w">NJPG85B5867</subfield>
    <subfield code="d">03/15/85</subfield>
    <subfield code="c">JCB</subfield>
    <subfield code="b">MT</subfield>
    <subfield code="i">850322</subfield>
    <subfield code="l">NJPG</subfield>
  </datafield>
  <datafield ind1=" " ind2=" " tag="911">
    <subfield code="a">19921028</subfield>
  </datafield>
  <datafield ind1=" " ind2=" " tag="912">
    <subfield code="a">19900822000000.0</subfield>
  </datafield>
  <datafield ind1=" " ind2=" " tag="994">
    <subfield code="a">C0</subfield>
    <subfield code="b">PUL</subfield>
  </datafield>
  <datafield ind1=" " ind2=" " tag="999">
    <subfield code="a">289454</subfield>
  </datafield>
  <datafield ind1="0" ind2="0" tag="852">
    <subfield code="0">316715</subfield>
    <subfield code="b">nec</subfield>
    <subfield code="t">1</subfield>
    <subfield code="h">DS325.N57</subfield>
    <subfield code="i">S275 1983</subfield>
  </datafield>
  <datafield ind1=" " ind2=" " tag="959">
    <subfield code="a">2000-06-13 00:00:00 -0400</subfield>
  </datafield>
</record>
